@book{rogers2011first,
  title={A first course in machine learning},
  author={Rogers, Simon and Girolami, Mark},
  year={2011},
  publisher={CRC Press}
}
@book{harrington2012machine,
  title={Machine Learning in Action},
  author={Harrington, Peter},
  year={2012},
  publisher={Manning Publications Co.}
}