@book{rogers2011first,
  title={A first course in machine learning},
  author={Rogers, Simon and Girolami, Mark},
  year={2011},
  publisher={CRC Press}
}